<?xml version="1.0" encoding="UTF-8"?>
<record xmlns="http://www.loc.gov/MARC21/slim" xmlns:xsi="http://www.w3.org/2001/XMLSchema-instance" xsi:schemaLocation="http://www.loc.gov/MARC21/slim http://www.loc.gov/standards/marcxml/schema/MARC21slim.xsd">
<leader>     cam a22002771a 4500</leader>
<controlfield tag="001">001685777</controlfield>
<controlfield tag="003">NNU</controlfield>
<controlfield tag="005">20061010173310.0</controlfield>
<controlfield tag="008">000218s1929    ua       b    000 0 ara d</controlfield>
<datafield tag="035" ind1="9" ind2=" ">
<subfield code="a">NYUb12229218</subfield>
</datafield>
<datafield tag="035" ind1=" " ind2=" ">
<subfield code="a">(NNU)NYUb12229218</subfield>
</datafield>
<datafield tag="040" ind1=" " ind2=" ">
<subfield code="a">EYW</subfield>
<subfield code="c">EYW</subfield>
<subfield code="d">CGU</subfield>
<subfield code="d">CStRLIN</subfield>
</datafield>
<datafield tag="066" ind1=" " ind2=" ">
<subfield code="c">(3</subfield>
</datafield>
<datafield tag="090" ind1=" " ind2=" ">
<subfield code="a">PJ7698.H3</subfield>
<subfield code="b">A17 1929</subfield>
</datafield>
<datafield tag="100" ind1="0" ind2=" ">
<subfield code="a">Ḥassān ibn Thābit,</subfield>
<subfield code="d">d. 674</subfield>
<subfield code="6">880-01</subfield>
</datafield>
<datafield tag="240" ind1="1" ind2="0">
<subfield code="6">880-02</subfield>
<subfield code="a">Poems</subfield>
</datafield>
<datafield tag="245" ind1="1" ind2="0">
<subfield code="6">880-03</subfield>
<subfield code="a">Sharḥ dīwān Ḥassān ibn Thābit al-Anṣārī /</subfield>
<subfield code="c">waḍaʻahu wa-ḍabaṭa al-dīwān wa-ṣaḥḥaḥahu ʻAbd al-Raḥmān al-Barqūqī.</subfield>
</datafield>
<datafield tag="260" ind1=" " ind2=" ">
<subfield code="6">880-04</subfield>
<subfield code="a">Miṣr :</subfield>
<subfield code="b">al-Maktabah al-Tijārīyah al-Kubrá ;</subfield>
<subfield code="b">al-Maktabah al-Raḥmānīyah,</subfield>
<subfield code="c">1929.</subfield>
</datafield>
<datafield tag="300" ind1=" " ind2=" ">
<subfield code="a">435 p. ;</subfield>
<subfield code="c">25 cm.</subfield>
</datafield>
<datafield tag="504" ind1=" " ind2=" ">
<subfield code="a">Includes bibliographical references.</subfield>
</datafield>
<datafield tag="700" ind1="1" ind2=" ">
<subfield code="a">Barqūqī, ʻAbd al-Raḥmān</subfield>
<subfield code="6">880-05</subfield>
</datafield>
<datafield tag="880" ind1="0" ind2=" ">
<subfield code="6">100-01/</subfield>
<subfield code="a">حسان بن ثابت.</subfield>
</datafield>
<datafield tag="880" ind1="1" ind2="0">
<subfield code="6">240-02/</subfield>
<subfield code="a">أشعار</subfield>
</datafield>
<datafield tag="880" ind1="1" ind2="0">
<subfield code="6">245-03/</subfield>
<subfield code="a">شرح ديوان حسان بن ثابت الأنصاري /</subfield>
<subfield code="c">وضعه وضبط الديوان وصححه عبد الرحمن البرقوقي.</subfield>
</datafield>
<datafield tag="880" ind1=" " ind2=" ">
<subfield code="6">260-04/</subfield>
<subfield code="a">مصر :</subfield>
<subfield code="b">المكتبة التجارية الكبرى ؛</subfield>
<subfield code="a">المكتبة الرحمانية،</subfield>
<subfield code="c">1929.</subfield>
</datafield>
<datafield tag="880" ind1="1" ind2=" ">
<subfield code="6">700-05/</subfield>
<subfield code="a">برقوقي، عبد الرحمن.</subfield>
</datafield>
<datafield tag="OWN" ind1=" " ind2=" ">
<subfield code="a">GENERAL</subfield>
</datafield>
<datafield tag="998" ind1=" " ind2=" ">
<subfield code="a">20010429</subfield>
<subfield code="d">20010429</subfield>
<subfield code="d">20010429</subfield>
<subfield code="n">NNU</subfield>
<subfield code="s">6</subfield>
<subfield code="t">c</subfield>
<subfield code="z">p</subfield>
</datafield>
<datafield tag="AVA" ind1=" " ind2=" ">
<subfield code="a">NYU50</subfield>
<subfield code="b">BOBST</subfield>
<subfield code="c">Main Collection</subfield>
<subfield code="d">PJ7698.H3 A17 1929</subfield>
<subfield code="e">unavailable</subfield>
<subfield code="t">Unavailable</subfield>
<subfield code="f">1</subfield>
<subfield code="g">1</subfield>
<subfield code="h">N</subfield>
<subfield code="i">0</subfield>
<subfield code="j">MAIN</subfield>
<subfield code="k">0</subfield>
</datafield>
</record>
